<?xml version="1.0" encoding="UTF-8"?><collection xmlns="http://www.loc.gov/MARC21/slim"><record><leader>00408nam--2200145-i-4500</leader><controlfield tag="001">000002626</controlfield><controlfield tag="002">20161230</controlfield><controlfield tag="005">20170304211150</controlfield><controlfield tag="008">060222s1000------------r-----000-0-eng-d</controlfield><datafield ind1=" " ind2=" " tag="100"><subfield code="a">Duplessy, Jean-Claude</subfield></datafield><datafield ind1=" " ind2=" " tag="245"><subfield code="a">La geochimie des isotopes stables du carbone dans la mer</subfield><subfield code="b">these</subfield></datafield><datafield ind1=" " ind2=" " tag="260"><subfield code="a">Paris Vi</subfield><subfield code="b">Universite De Pari Vi</subfield><subfield code="c">1972</subfield></datafield><datafield ind1=" " ind2=" " tag="300"><subfield code="a">196 p</subfield></datafield><datafield ind1=" " ind2=" " tag="852"><subfield code="a">550.4(043)</subfield></datafield><datafield ind1=" " ind2=" " tag="CAT"><subfield code="a">SYS</subfield><subfield code="c">20170304</subfield><subfield code="h">211150</subfield></datafield></record></collection>